%from Heiko
@article{Kempa:2006mr,
       author         = "Kempa, J. and Krawczynska, A.",
       title          = "{Low energy muons in the cosmic radiation}",
       journal        = "Nucl.Phys.Proc.Suppl.",
       volume         = "151",
       pages          = "299-302",
       doi            = "10.1016/j.nuclphysbps.2005.07.056",
       year           = "2006",
       SLACcitation   = "%%CITATION = NUPHZ,151,299;%%",
}
@article{Agashe:2014kda,
        author         = "Olive, K.A. and others",
        title          = "{Review of Particle Physics}",
        collaboration  = "Particle Data Group",
        journal        = "Chin.Phys.",
        volume         = "C38",
        pages          = "090001",
        doi            = "10.1088/1674-1137/38/9/090001",
        year           = "2014",
        SLACcitation   = "%%CITATION = CHPHD,C38,090001;%%",
}
% from TP taggers/timing/HNLrefs.bib
@article{Ahmet:1990eg,
      author         = "Ahmet, K. and others",
      title          = "{The OPAL detector at LEP}",
      collaboration  = "OPAL",
      journal        = "Nucl.Instrum.Meth.",
      volume         = "A305",
      pages          = "275-319",
      doi            = "10.1016/0168-9002(91)90547-4",
      year           = "1991",
      reportNumber   = "CERN-PPE-90-114",
      SLACcitation   = "%%CITATION = NUIMA,A305,275;%%",
}

@article{Mineev:2011xp,
      author         = "Mineev, O. and Kudenko, Yu. and Musienko, Yu. and
                        Polyansky, I. and Yershov, N.",
      title          = "{Scintillator detectors with long WLS fibers and
                        multi-pixel photodiodes}",
      journal        = "JINST",
      volume         = "6",
      pages          = "P12004",
      doi            = "10.1088/1748-0221/6/12/P12004",
      year           = "2011",
      eprint         = "1110.2651",
      archivePrefix  = "arXiv",
      primaryClass   = "physics.ins-det",
      SLACcitation   = "%%CITATION = ARXIV:1110.2651;%%",
}

@article{Wang:2015rva,
      author         = "Wang, Jinhong and Liu, Shubin and An, Qi",
      title          = "{Waveform Timing Performance of a 5 GS/s Fast Pulse
                        Sampling Module with DRS4}",
      year           = "2015",
      eprint         = "1501.00651",
      archivePrefix  = "arXiv",
      primaryClass   = "physics.ins-det",
      SLACcitation   = "%%CITATION = ARXIV:1501.00651;%%",
}

@article{SAMPIC,
      author         = "Delagnes, E. and Breton, D. and Grabas, H. and Maalmi, J. and 
                        Rusquart, P. and Saimpert, M.",
      title          = "The SAMPIC Waveform and Time to Digital Converter" ,
      journal        = "HAL Id: in2p3-01082061",
      year           = "2015",
}

@article{COMPASS,
      author         = "Bernet, C. and Bravar, A. and Hannappel, J. and von
                        Harrach, D. and Hermann, R. and others",
      title          = "{The COMPASS trigger system for muon scattering}",
      journal        = "Nucl.Instrum.Meth.",
      volume         = "A550",
      pages          = "217-240",
      doi            = "10.1016/j.nima.2005.05.043",
      year           = "2005",
      SLACcitation   = "%%CITATION = NUIMA,A550,217;%%",
}

@article{Yanagida1980,
      author         = "Yanagida, T.",
      title          = "{Horizontal Symmetry and Masses of Neutrinos}",
      journal        = "Prog. Theor. Phys.",
      volume         = "64",
      pages          = "1103",
      doi            = "10.1143/PTP.64.1103",
      year           = "1980",
}

@article{Gronau1984,
      author         = "Gronau, M. and Leung, C. N. and Rosner, J. L.",
      title          = "{Extending Limits on Neutral Heavy Leptons}",
      journal        = "Phys. Rev. D",
      volume         = "29",
      pages          = "2539",
      doi            = "10.1103/PhysRevD.29.2539",
      year           = "1984",
}

@article{CHARM1985,
      author         = "{CHARM Collaboration}",
      title          = "{Search for Axion Like Particle Production in 400-{GeV} Proton - Copper Interactions}",
      journal        = "Phys. Lett. B",
      volume         = "157",
      pages          = "458",
      doi            = "10.1016/0370-2693(85)90400-9",
      year           = "1985",
}

@article{CHARM1986,
      author         = "{CHARM Collaboration}",
      title          = "{A Search for Decays of Heavy Neutrinos in the Mass Range 0.5-{GeV} to 2.8-{GeV}}",
      journal        = "Phys. Lett. B",
      volume         = "166",
      pages          = "473",
      doi            = "10.1016/0370-2693(86)91601-1",
      year           = "1986",
}

@article{Fukugita1986,
      author         = "Fukugita, M. and Yanagida, T.",
      title          = "{Baryogenesis Without Grand Unification}",
      journal        = "Phys. Lett. B",
      volume         = "174",
      pages          = "45",
      doi            = "10.1016/0370-2693(86)91126-3",
      year           = "1986",
}

@article{Dodelson1994,
      author         = "Dodelson, S. and Widrow, L. M.",
      title          = "{Sterile-neutrinos as dark matter}",
      journal        = "Phys. Rev. Lett.",
      volume         = "72",
      pages          = "17-20",
      doi            = "10.1103/PhysRevLett.72.17",
      year           = "1994",
      eprint         = "hep-ph/9303287",
      archivePrefix  = "arXiv",
      primaryClass   = "hep-ph",
}

@article{Giudice1994,
      author         = "Giudice, G. F. and Shaposhnikov, M. E.",
      title          = "{Strong sphalerons and electroweak baryogenesis}",
      journal        = "Phys. Lett. B",
      volume         = "326",
      pages          = "118",
      doi            = "10.1016/0370-2693(94)91202-5",
      year           = "1994",
      eprint         = "hep-ph/9311367",
      archivePrefix  = "arXiv",
      primaryClass   = "hep-ph",
}

@article{MINOS1996,
      key            = "{MINOS Collaboration}",
      title          = "{MINOS Experiment R\& D  Plan: FY 1996-1998}",
      year           = "1996",
      journal        = "FERMILAB-TM-2414-E",
}

@article{Delphi1997,
      author         = "{DELPHI Collaboration}",
      title          = "{Search for neutral heavy leptons produced in Z decays}",
      journal        = "Z. Phys. C",
      volume         = "74",
      pages          = "57",
      doi            = "10.1007/s002880050370",
      year           = "1997",
}

@article{Akhmedov1998,
      author         = "Akhmedov, E. K. and Rubakov, V. A. and Smirnov, A. Y.",
      title          = "{Baryogenesis via neutrino oscillations}",
      journal        = "Phys. Rev. Lett.",
      volume         = "81",
      pages          = "1359",
      doi            = "10.1103/PhysRevLett.81.1359",
      year           = "1998",
      eprint         = "hep-ph/9803255",
      archivePrefix  = "arXiv",
      primaryClass   = "hep-ph",
}

@article{Bernardi1988,
      author         = "Bernardi, G. and Carugno, G. and Chauveau, J. and Dicarlo, F. and Dris, M. and Dumarchez, J. and Ferro-Luzzi, M. and Levy, J.-M. and Lukas, D. and Perreau, J.-M.",
      title          = "{Further limits on heavy neutrino couplings}",
      journal        = "Phys. Lett. B",
      volume         = "203",
      pages          = "332",
      doi            = "10.1016/0370-2693(88)90563-1",
      year           = "1988",
}

@article{NuTeV1999,
      author         = "{NuTeV Collaboration}",
      title          = "{Search for neutral heavy leptons in a high-energy neutrino beam}",
      journal        = "Phys. Rev. Lett.",
      volume         = "83",
      pages          = "4943",
      doi            = "10.1103/PhysRevLett.83.4943",
      year           = "1999",
      eprint         = "hep-ex/9908011",
      archivePrefix  = "arXiv",
      primaryClass   = "hep-ex",
}

@article{Shi1999,
      author         = "Shi, X.-D. and Fuller, G. M.",
      title          = "{A New dark matter candidate: Nonthermal sterile neutrinos}",
      journal        = "Phys. Rev. Lett.",
      volume         = "82",
      pages          = "2832",
      doi            = "10.1103/PhysRevLett.82.2832",
      year           = "1999",
      eprint         = "astro-ph/9810076",
      archivePrefix  = "arXiv",
      primaryClass   = "astro-ph",
}

@article{Trodden1999,
      author         = "Trodden, M.",
      title          = "{Electroweak baryogenesis}",
      journal        = "Rev. Mod. Phys.",
      volume         = "71",
      pages          = "1463",
      doi            = "10.1103/RevModPhys.71.1463",
      year           = "1999",
      eprint         = "hep-ph/9803479",
      archivePrefix  = "arXiv",
      primaryClass   = "hep-ph",
}

@article{Dolgov2000,
      author         = "Dolgov, A. D. and Hansen, S. H. and Raffelt, G. and Semikoz, D. V.",
      title          = "{Heavy sterile neutrinos: Bounds from big bang nucleosynthesis and SN1987A}",
      journal        = "Nucl. Phys. B",
      volume         = "590",
      pages          = "562",
      doi            = "10.1016/S0550-3213(00)00566-6",
      year           = "2000",
      eprint         = "hep-ph/0008138",
      archivePrefix  = "arXiv",
      primaryClass   = "hep-ph",
}

@article{Dolgov2000b,
      author         = "Dolgov, A. D. and Hansen, S. H. and Raffelt, G. and Semikoz, D. V.",
      title          = "{Cosmological and astrophysical bounds on a heavy sterile neutrino and the KARMEN anomaly}",
      journal        = "Nucl. Phys. B",
      volume         = "580",
      pages          = "331",
      doi            = "10.1016/S0550-3213(00)00203-0",
      year           = "2000",
      eprint         = "hep-ph/0002223",
      archivePrefix  = "arXiv",
      primaryClass   = "hep-ph",
}

@article{Abazajian2001,
      author         = "Abazajian, K. and Fuller, G. M. and Patel, M.",
      title          = "{Sterile neutrino hot, warm, and cold dark matter}",
      journal        = "Phys. Rev. D",
      volume         = "64",
      pages          = "023501",
      doi            = "10.1103/PhysRevD.64.023501",
      year           = "2001",
      eprint         = "astro-ph/0101524",
      archivePrefix  = "arXiv",
      primaryClass   = "astro-ph",
}

@article{Abazajian2001b,
      author         = "Abazajian, K. and Fuller, G. M. and Tucker, W. H.",
      title          = "{Direct detection of warm dark matter in the X-ray}",
      journal        = "Astrophys. J.",
      volume         = "562",
      pages          = "593",
      doi            = "10.1086/323867",
      year           = "2001",
      eprint         = "astro-ph/0106002",
      archivePrefix  = "arXiv",
      primaryClass   = "astro-ph",
}

@article{Dedes2001,
      author         = "Dedes, A. and Dreiner, H. K. and Richardson, P.",
      title          = "{Attempts at explaining the NuTeV observation of dimuon events}",
      journal        = "Phys. Rev. D",
      volume         = "65",
      pages          = "015001",
      doi            = "10.1103/PhysRevD.65.015001",
      year           = "2001",
      eprint         = "hep-ph/0106199",
      archivePrefix  = "arXiv",
      primaryClass   = "hep-ph",
}

@article{Pilaftsis2004,
      author         = "Pilaftsis, A. and Underwood, T. E. J.",
      title          = "{Resonant leptogenesis}",
      journal        = "Nucl. Phys. B",
      volume         = "692",
      pages          = "303",
      doi            = "10.1016/j.nuclphysb.2004.05.029",
      year           = "2004",
      eprint         = "hep-ph/0309342",
      archivePrefix  = "arXiv",
      primaryClass   = "hep-ph",
}

@article{Asaka2005,
      author         = "Asaka, T. and Blanchet, S. and Shaposhnikov, M.",
      title          = "{The nuMSM, dark matter and neutrino masses}",
      journal        = "Phys. Lett. B",
      volume         = "631",
      pages          = "151",
      doi            = "10.1016/j.physletb.2005.09.070",
      year           = "2005",
      eprint         = "hep-ph/0503065",
      archivePrefix  = "arXiv",
      primaryClass   = "hep-ph",
}

@article{Asaka2005b,
      author         = "Asaka, T. and Shaposhnikov, M.",
      title          = "{The nuMSM, dark matter and baryon asymmetry of the universe}",
      journal        = "Phys. Lett. B",
      volume         = "620",
      pages          = "17",
      doi            = "10.1016/j.physletb.2005.06.020",
      year           = "2005",
      eprint         = "hep-ph/0505013",
      archivePrefix  = "arXiv",
      primaryClass   = "hep-ph",
}

@article{Bertone2005,
      author         = "Bertone, G. and Hooper, D. and Silk, J.",
      title          = "{Particle dark matter: Evidence, candidates and constraints}",
      journal        = "Phys. Rept.",
      volume         = "405",
      pages          = "279",
      doi            = "10.1016/j.physrep.2004.08.031",
      year           = "2005",
      eprint         = "hep-ph/0404175",
      archivePrefix  = "arXiv",
      primaryClass   = "hep-ph",
}

@article{Oaknin2005,
      author         = "Oaknin, D. H. and Zhitnitsky, A.",
      title          = "{Baryon asymmetry, dark matter and quantum chromodynamics}",
      journal        = "Phys. Rev. D",
      volume         = "71",
      pages          = "023519",
      doi            = "10.1103/PhysRevD.71.023519",
      year           = "2005",
      eprint         = "hep-ph/0309086",
      archivePrefix  = "arXiv",
      primaryClass   = "hep-ph",
}

@article{Wu2005,
      author         = "Wu, C. and Heng, Y.-K. and Zhao, Y.-D. and Zhao, X.-J. and Sun, Z.-J. and others",
      title          = "{The timing properties of a plastic time-of-flight scintillator from a beam test}",
      journal        = "Nucl. Instrum. Meth. A",
      volume         = "555",
      pages          = "142",
      doi            = "10.1016/j.nima.2005.09.029",
      year           = "2005",
}

@article{Abazajian2007,
      author         = "Abazajian, K. N. and Markevitch, M. and Koushiappas, S. M. and Hickox, R. C.",
      title          = "{Limits on the Radiative Decay of Sterile Neutrino Dark Matter from the Unresolved Cosmic and Soft X-ray Backgrounds}",
      journal        = "Phys. Rev. D",
      volume         = "75",
      pages          = "063511",
      doi            = "10.1103/PhysRevD.75.063511",
      year           = "2007",
      eprint         = "astro-ph/0611144",
      archivePrefix  = "arXiv",
      primaryClass   = "astro-ph",
}

@article{Asaka2007,
      author         = "Asaka, T. and Laine, M. and Shaposhnikov, M.",
      title          = "{Lightest sterile neutrino abundance within the nuMSM}",
      journal        = "JHEP",
      volume         = "0701",
      pages          = "091",
      doi            = "10.1088/1126-6708/2007/01/091",
      year           = "2007",
      eprint         = "hep-ph/0612182",
      archivePrefix  = "arXiv",
      primaryClass   = "hep-ph",
}

@article{Gorbunov2007,
      author         = "Gorbunov, D. and Shaposhnikov, M.",
      title          = "{How to find neutral leptons of the $\nu$MSM?}",
      journal        = "JHEP",
      volume         = "0710",
      pages          = "015",
      doi            = "10.1007/JHEP11(2013)101, 10.1088/1126-6708/2007/10/015",
      year           = "2007",
      eprint         = "0705.1729",
      archivePrefix  = "arXiv",
      primaryClass   = "hep-ph",
}

@article{Sokolov2007,
      author         = "Sokolov, A. and Ritman, J. and Wintz, P.",
      title          = "{Application of the time-dependent charge asymmetry method for longitudinal position determination in prototype proportional chambers for the PANDA experiment}",
      journal        = "Nucl. Instrum. Meth. A",
      volume         = "574",
      pages          = "50",
      doi            = "10.1016/j.nima.2007.01.104",
      year           = "2007",
      eprint         = "nucl-ex/0702012",
      archivePrefix  = "arXiv",
      primaryClass   = "NUCL-EX",
}

@article{Gorbunov2008,
      author         = "Gorbunov, D. and Khmelnitsky, A. and Rubakov, V.",
      title          = "{Constraining sterile neutrino dark matter by phase-space density observations}",
      journal        = "JCAP",
      volume         = "0810",
      pages          = "041",
      doi            = "10.1088/1475-7516/2008/10/041",
      year           = "2008",
      eprint         = "0808.3910",
      archivePrefix  = "arXiv",
      primaryClass   = "hep-ph",
}

@article{Laine2008,
      author         = "Laine, M. and Shaposhnikov, M.",
      title          = "{Sterile neutrino dark matter as a consequence of nuMSM-induced lepton asymmetry}",
      journal        = "JCAP",
      volume         = "0806",
      pages          = "031",
      doi            = "10.1088/1475-7516/2008/06/031",
      year           = "2008",
      eprint         = "0804.4543",
      archivePrefix  = "arXiv",
      primaryClass   = "hep-ph",
}

@article{MINOS2008,
      author         = "{MINOS Collaboration}",
      title = "The magnetized steel and scintillator calorimeters of the MINOS experiment ",
      journal = "Nucl. Inst. Meth. A",
      volume = "596",
      pages = "190",
      year = "2008",
      doi = "http://dx.doi.org/10.1016/j.nima.2008.08.003",
      eprint         = "0805.3170",
      archivePrefix  = "arXiv",
      primaryClass   = "physics.ins-det",
}

@article{Shaposhnikov2008,
      author         = "Shaposhnikov, M.",
      title          = "{The nuMSM, leptonic asymmetries, and properties of singlet fermions}",
      journal        = "JHEP",
      volume         = "0808",
      pages          = "008",
      doi            = "10.1088/1126-6708/2008/08/008",
      year           = "2008",
      eprint         = "0804.4542",
      archivePrefix  = "arXiv",
      primaryClass   = "hep-ph",
}

@article{Atre2009,
      author         = "Atre, A. and Han, T. and Pascoli, S. and Zhang, B.",
      title          = "{The Search for Heavy Majorana Neutrinos}",
      journal        = "JHEP",
      volume         = "0905",
      pages          = "030",
      doi            = "10.1088/1126-6708/2009/05/030",
      year           = "2009",
      eprint         = "0901.3589",
      archivePrefix  = "arXiv",
      primaryClass   = "hep-ph",
}

@article{Batell2009,
      author         = "Batell, B. and Pospelov, M. and Ritz, A.",
      title          = "{Probing a Secluded U(1) at B-factories}",
      journal        = "Phys. Rev. D",
      volume         = "79",
      pages          = "115008",
      doi            = "10.1103/PhysRevD.79.115008",
      year           = "2009",
      eprint         = "0903.0363",
      archivePrefix  = "arXiv",
      primaryClass   = "hep-ph",
}

@article{Boyarsky2009,
      author         = "Boyarsky, A. and Ruchayskiy, O. and Shaposhnikov, M.",
      title          = "{The Role of sterile neutrinos in cosmology and astrophysics}",
      journal        = "Ann. Rev. Nucl. Part. Sci.",
      volume         = "59",
      pages          = "191",
      doi            = "10.1146/annurev.nucl.010909.083654",
      year           = "2009",
      eprint         = "0901.0011",
      archivePrefix  = "arXiv",
      primaryClass   = "hep-ph",
}

@article{Boyarsky2009b,
      author         = "Boyarsky, A. and Ruchayskiy, O. and Iakubovskyi, D.",
      title          = "{A Lower bound on the mass of Dark Matter particles}",
      journal        = "JCAP",
      volume         = "0903",
      pages          = "005",
      doi            = "10.1088/1475-7516/2009/03/005",
      year           = "2009",
      eprint         = "0808.3902",
      archivePrefix  = "arXiv",
      primaryClass   = "hep-ph",
}

@article{Gavela2009,
      author         = "Gavela, M. B. and Hambye, T. and Hernandez, D. and Hernandez, P.",
      title          = "{Minimal Flavour Seesaw Models}",
      journal        = "JHEP",
      volume         = "0909",
      pages          = "038",
      doi            = "10.1088/1126-6708/2009/09/038",
      year           = "2009",
      eprint         = "0906.1461",
      archivePrefix  = "arXiv",
      primaryClass   = "hep-ph",
}

@article{Canetti2010,
      author         = "Canetti, L. and Shaposhnikov, M.",
      title          = "{Baryon Asymmetry of the Universe in the NuMSM}",
      journal        = "JCAP",
      volume         = "1009",
      pages          = "001",
      doi            = "10.1088/1475-7516/2010/09/001",
      year           = "2010",
      eprint         = "1006.0133",
      archivePrefix  = "arXiv",
      primaryClass   = "hep-ph",
}

@article{MICE2010,
      author         = "{Mice Collaboration}",
      title          = "{The design and commissioning of the MICE upstream time-of-flight system}",
      journal        = "Nucl. Instrum. Meth. A",
      volume         = "615",
      pages          = "14",
      doi            = "10.1016/j.nima.2009.12.065",
      year           = "2010",
      eprint         = "1001.4426",
      archivePrefix  = "arXiv",
      primaryClass   = "physics.ins-det",
}

@article{Ritt2010,
      author         = "Ritt, S. and Dinapoli, R. and Hartmann, U.",
      title          = "{Application of the DRS chip for fast waveform digitizing}",
      journal        = "Nucl. Instrum. Meth. A",
      volume         = "623",
      pages          = "486",
      doi            = "10.1016/j.nima.2010.03.045",
      year           = "2010",
}

@Article{ATLAS2011a,
  author        = "{ATLAS Collaboration}",
  title         = "{Search for massive long-lived highly ionising particles with the ATLAS detector at the LHC}",
  journal       = "Phys. Lett. B",
  volume        = "698",
  pages         = "353",
  year          = "2011",
  eprint        = "1102.0459",
  archivePrefix = "arXiv",
  primaryClass  = "hep-ex",
  doi           = "10.1016/j.physletb.2011.03.033",
}

@article{ATLAS2011c,
      author         = "{ATLAS Collaboration}",
      title          = "{Search for stable hadronising squarks and gluinos with the ATLAS experiment at the LHC}",
      journal        = "Phys. Lett. B",
      volume         = "701",
      pages          = "1",
      doi            = "10.1016/j.physletb.2011.05.010",
      year           = "2011",
      eprint         = "1103.1984",
      archivePrefix  = "arXiv",
      primaryClass   = "hep-ex",
}

@article{Batell2011,
      author         = "Batell, B. and Pospelov, M. and Ritz, A.",
      title          = "{Multi-lepton Signatures of a Hidden Sector in Rare B Decays}",
      journal        = "Phys. Rev. D",
      volume         = "83",
      pages          = "054005",
      doi            = "10.1103/PhysRevD.83.054005",
      year           = "2011",
      eprint         = "0911.4938",
      archivePrefix  = "arXiv",
      primaryClass   = "hep-ph",
}

@article{LHCb2011,
      author         = "{LHCb Collaboration}",
      title          = "{Determination of $f_s/f_d$ for $7~\rm{TeV}$ $pp$
                        collisions and a measurement of the branching fraction of
                        the decay $B_d\to D^-K^+$''}",
      journal        = "Phys. Rev. Lett.",
      volume         = "107",
      pages          = "211801",
      doi            = "10.1103/PhysRevLett.107.211801",
      year           = "2011",
      eprint         = "1106.4435",
      archivePrefix  = "arXiv",
      primaryClass   = "hep-ex",
}

@article{NA612011,
      author         = "{NA61/SHINE Collaboration}",
      title          = "{Measurements of Cross Sections and Charged Pion Spectra in Proton-Carbon Interactions at 31 GeV/c}",
      journal        = "Phys. Rev. C",
      volume         = "84",
      pages          = "034604",
      doi            = "10.1103/PhysRevC.84.034604",
      year           = "2011",
      eprint         = "1102.0983",
      archivePrefix  = "arXiv",
      primaryClass   = "hep-ex",
}

@article{Asaka2012,
      author         = "Asaka, T. and Eijima, S. and Ishida, H.",
      title          = "{Kinetic Equations for Baryogenesis via Sterile Neutrino Oscillation}",
      journal        = "JCAP",
      volume         = "1202",
      pages          = "021",
      doi            = "10.1088/1475-7516/2012/02/021",
      year           = "2012",
      eprint         = "1112.5565",
      archivePrefix  = "arXiv",
      primaryClass   = "hep-ph",
}

@article{ATLAS2012a,
      author         = "{ATLAS Collaboration}",
      title          = "{Search for magnetic monopoles in sqrt(s) = 7 TeV pp collisions with the ATLAS detector}",
      journal        = "Phys. Rev. Lett.",
      volume         = "109",
      year           = "2012",
      pages          = "261803",
      eprint         = "1207.6411",
      archivePrefix  = "arXiv",
      primaryClass   = "hep-ex",
      doi            = "10.1103/PhysRevLett.109.261803",
}

@article{ATLAS2012b,
      author         = "{ATLAS Collaboration}",
      title          = "{Search for a light Higgs boson decaying to long-lived weakly-interacting particles in proton-proton collisions at $\sqrt{s}=7$ TeV with the ATLAS detector}",
      journal        = "Phys. Rev. Lett.",
      volume         = "108",
      pages          = "251801",
      doi            = "10.1103/PhysRevLett.108.251801",
      year           = "2012",
      eprint         = "1203.1303",
      archivePrefix  = "arXiv",
      primaryClass   = "hep-ex",
}

@article{ATLAS2012c,
      author         = "{ATLAS Collaboration}",
      title          = "{Search for displaced vertices arising from decays of new heavy particles in 7 TeV pp collisions at ATLAS}",
      journal        = "Phys. Lett. B",
      volume         = "707",
      pages          = "478",
      doi            = "10.1016/j.physletb.2011.12.057",
      year           = "2012",
      eprint         = "1109.2242",
      archivePrefix  = "arXiv",
      primaryClass   = "hep-ex",
}

@article{Barreto2012,
      author         = "{DAMIC Collaboration}",
      title          = "{Direct Search for Low Mass Dark Matter Particles with CCDs}",
      journal        = "Phys. Lett. B",
      volume         = "711",
      pages          = "264",
      doi            = "10.1016/j.physletb.2012.04.006",
      year           = "2012",
      eprint         = "1105.5191",
      archivePrefix  = "arXiv",
      primaryClass   = "astro-ph.IM",
}

@article{Boyarsky2012,
      author         = "Boyarsky, A. and Iakubovskyi, D. and Ruchayskiy, O.",
      title          = "{Next decade of sterile neutrino studies}",
      journal        = "Phys. Dark Univ.",
      volume         = "1",
      pages          = "136",
      doi            = "10.1016/j.dark.2012.11.001",
      year           = "2012",
      eprint         = "1306.4954",
      archivePrefix  = "arXiv",
      primaryClass   = "astro-ph.CO",
}

@article{Boyarsky2012b,
      author         = "Boyarsky, A. and Frohlich, J. and Ruchayskiy, O.",
      title          = "{Self-consistent evolution of magnetic fields and chiral asymmetry in the early Universe}",
      journal        = "Phys. Rev. Lett.",
      volume         = "108",
      pages          = "031301",
      doi            = "10.1103/PhysRevLett.108.031301",
      year           = "2012",
      eprint         = "1109.3350",
      archivePrefix  = "arXiv",
      primaryClass   = "astro-ph.CO",
}

@article{Boyarsky2012c,
      author         = "Boyarsky, A. and Ruchayskiy, O. and Shaposhnikov, M.",
      title          = "{Long-range magnetic fields in the ground state of the Standard Model plasma}",
      journal        = "Phys. Rev. Lett.",
      volume         = "109",
      pages          = "111602",
      doi            = "10.1103/PhysRevLett.109.111602",
      year           = "2012",
      eprint         = "1204.3604",
      archivePrefix  = "arXiv",
      primaryClass   = "hep-ph",
}

@article{LHCb2012,
      author         = "{LHCb Collaboration}",
      title          = "{Differential branching fraction and angular analysis of
                        the decay $B^{0} \to K^{*0} \mu^+ \mu^-$}",
      journal        = "Phys. Rev. Lett.",
      volume         = "108",
      pages          = "181806",
      doi            = "10.1103/PhysRevLett.108.181806",
      year           = "2012",
      eprint         = "1112.3515",
      archivePrefix  = "arXiv",
      primaryClass   = "hep-ex",
}

@article{Ruchayskiy2012,
      author         = "Ruchayskiy, O. and Ivashko, A.",
      title          = "{Restrictions on the lifetime of sterile neutrinos from primordial nucleosynthesis}",
      journal        = "JCAP",
      volume         = "1210",
      pages          = "014",
      doi            = "10.1088/1475-7516/2012/10/014",
      year           = "2012",
      eprint         = "1202.2841",
      archivePrefix  = "arXiv",
      primaryClass   = "hep-ph",
}

@article{Alonso2013,
      author         = "Alonso, R. and Dhen, M. and Gavela, M. B. and Hambye, T.",
      title          = "{Muon conversion to electron in nuclei in type-I seesaw models}",
      journal        = "JHEP",
      volume         = "1301",
      pages          = "118",
      doi            = "10.1007/JHEP01(2013)118",
      year           = "2013",
      eprint         = "1209.2679",
      archivePrefix  = "arXiv",
      primaryClass   = "hep-ph",
}

@article{Asaka2013a,
      author         = "Asaka, T. and Eijima, S.",
      title          = "{Direct Search for Right-handed Neutrinos and Neutrinoless Double Beta Decay}",
      journal        = "PTEP",
      number         = "11",
      volume         = "2013",
      pages          = "113B02",
      doi            = "10.1093/ptep/ptt094",
      year           = "2013",
      eprint         = "1308.3550",
      archivePrefix  = "arXiv",
      primaryClass   = "hep-ph",
}

@article{Asaka2013b,
      author         = "Asaka, T. and Eijima, S. and Watanabe, A.",
      title          = "{Heavy neutrino search in accelerator-based experiments}",
      journal        = "JHEP",
      volume         = "1303",
      pages          = "125",
      doi            = "10.1007/JHEP03(2013)125",
      year           = "2013",
      eprint         = "1212.1062",
      archivePrefix  = "arXiv",
      primaryClass   = "hep-ph",
}

@article{ATLAS2013a,
      author         = "{ATLAS Collaboration}",
      title          = "{Triggers for displaced decays of long-lived neutral particles in the ATLAS detector}",
      journal        = "JINST",
      volume         = "8",
      pages          = "P07015",
      doi            = "10.1088/1748-0221/8/07/P07015",
      year           = "2013",
      eprint         = "1305.2284",
      archivePrefix  = "arXiv",
      primaryClass   = "hep-ex",
}

@article{ATLAS2013b,
      author         = "{ATLAS Collaboration}",
      title          = "{Search for long-lived, heavy particles in final states with a muon and multi-track displaced vertex in proton-proton collisions at $\sqrt{s}=7$ TeV with the ATLAS detector}",
      journal        = "Phys. Lett. B",
      volume         = "719",
      pages          = "280",
      doi            = "10.1016/j.physletb.2013.01.042",
      year           = "2013",
      eprint         = "1210.7451",
      archivePrefix  = "arXiv",
      primaryClass   = "hep-ex",
}

@article{ATLAS2013c,
      author         = "{ATLAS Collaboration}",
      title          = "{Search for displaced muonic lepton jets from light Higgs boson decay in proton-proton collisions at $\sqrt{s}=7$ TeV with the ATLAS detector}",
      journal        = "Phys. Lett. B",
      volume         = "721",
      pages          = "32",
      doi            = "10.1016/j.physletb.2013.02.058",
      year           = "2013",
      eprint         = "1210.0435",
      archivePrefix  = "arXiv",
      primaryClass   = "hep-ex",
}

@article{Bonivento2013,
      author         = "Bonivento, W. and Boyarsky, A. and Dijkstra, H. and Egede, U. and Ferro-Luzzi, M. and  Goddard, B. and Golutvin, A. and Gorbunov, D. and Jacobsson, R. and Panman, J. and Patel, M. and Ruchayskiy, O. and Ruf, T. and Serra, N. and Shaposhnikov, M. and Treille, D.",
      title          = "{Proposal to Search for Heavy Neutral Leptons at the SPS}",
      journal        = "CERN-SPSC-2013-024, SPSC-EOI-010",
      year           = "2013",
      eprint         = "1310.1762",
      archivePrefix  = "arXiv",
      primaryClass   = "hep-ex",
}

@article{Canetti2013a,
      author         = "Canetti, L. and Drewes, M. and Shaposhnikov, M.",
      title          = "{Sterile Neutrinos as the Origin of Dark and Baryonic Matter}",
      journal        = "Phys. Rev. Lett.",
      number         = "6",
      volume         = "110",
      pages          = "061801",
      doi            = "10.1103/PhysRevLett.110.061801",
      year           = "2013",
      eprint         = "1204.3902",
      archivePrefix  = "arXiv",
      primaryClass   = "hep-ph",
}


@article{Canetti2013b,
      author         = "Canetti, L. and Drewes, M. and Frossard, T. and Shaposhnikov, M.",
      title          = "{Dark Matter, Baryogenesis and Neutrino Oscillations from Right Handed Neutrinos}",
      journal        = "Phys. Rev. D",
      volume         = "87",
      pages          = "093006",
      doi            = "10.1103/PhysRevD.87.093006",
      year           = "2013",
      eprint         = "1208.4607",
      archivePrefix  = "arXiv",
      primaryClass   = "hep-ph",
}

@article{CMS2013a,
      author         = "{CMS Collaboration}",
      title          = "{Search in leptonic channels for heavy resonances decaying to long-lived neutral particles}",
      collaboration  = "CMS Collaboration",
      journal        = "JHEP",
      volume         = "02",
      pages          = "085",
      doi            = "10.1007/JHEP02(2013)085",
      year           = "2013",
      eprint         = "1211.2472",
      archivePrefix  = "arXiv",
      primaryClass   = "hep-ex",
}

@article{Drewes2013,
      author         = "Drewes, M.",
      title          = "{The Phenomenology of Right Handed Neutrinos}",
      journal        = "Int. J. Mod. Phys. E",
      volume         = "22",
      pages          = "1330019",
      doi            = "10.1142/S0218301313300191",
      year           = "2013",
      eprint         = "1303.6912",
      archivePrefix  = "arXiv",
      primaryClass   = "hep-ph",
}

@article{Drewes2013b,
      author         = "Drewes, M. and Garbrecht, B.",
      title          = "{Leptogenesis from a GeV Seesaw without Mass Degeneracy}",
      journal        = "JHEP",
      volume         = "1303",
      pages          = "096",
      doi            = "10.1007/JHEP03(2013)096",
      year           = "2013",
      eprint         = "1206.5537",
      archivePrefix  = "arXiv",
      primaryClass   = "hep-ph",
}

@article{Fermi2013,
      author         = "{Fermi-LAT Collaboration}",
      title          = "{Search for Gamma-ray Spectral Lines with the Fermi Large Area Telescope and Dark Matter Implications}",
      journal        = "Phys. Rev. D",
      volume         = "88",
      pages          = "082002",
      doi            = "10.1103/PhysRevD.88.082002",
      year           = "2013",
      eprint         = "1305.5597",
      archivePrefix  = "arXiv",
      primaryClass   = "astro-ph.HE",
}

@article{Gninenko2013,
      author         = "Gninenko, S. N. and Gorbunov, D. S. and Shaposhnikov, M. E.",
      title          = "{Search for GeV-scale sterile neutrinos responsible for active neutrino oscillations and baryon asymmetry of the Universe}",
      journal        = "Adv. High Energy Phys.",
      volume         = "2012",
      pages          = "718259",
      doi            = "10.1155/2012/718259",
      year           = "2012",
      eprint         = "1301.5516",
      archivePrefix  = "arXiv",
      primaryClass   = "hep-ph",
}

@article{LHCb2013a,
      author         = "{LHCb collaboration}",
      title          = "{Measurement of Form-Factor-Independent Observables in
                        the Decay $B^{0} \to K^{*0} \mu^+ \mu^-$}",
      journal        = "Phys. Rev. Lett.",
      number         = "19",
      volume         = "111",
      pages          = "191801",
      doi            = "10.1103/PhysRevLett.111.191801",
      year           = "2013",
      eprint         = "1308.1707",
      archivePrefix  = "arXiv",
      primaryClass   = "hep-ex",
}

@article{LHCb2013b,
      author         = "{LHCb Collaboration}",
      title          = "{Differential branching fraction and angular analysis of
                        the decay $B^{0} \to K^{*0} \mu^{+}\mu^{-}$}",
      journal        = "JHEP",
      volume         = "1308",
      pages          = "131",
      doi            = "10.1007/JHEP08(2013)131",
      year           = "2013",
      eprint         = "1304.6325",
      archivePrefix  = "arXiv",
}

@article{MICE2013,
      author         = "MICE Collaboration",
      title          = "{A totally active scintillator calorimeter for the Muon Ionization Cooling Experiment (MICE). Design and
                        construction}",
      journal        = "Nucl. Instrum. Meth. A",
      volume         = "732",
      pages          = "451",
      doi            = "10.1016/j.nima.2013.08.026",
      year           = "2013",
}

@article{Mu3e2013,
      author         = "{Mu3e Collaboration}",
      title          = "{Research Proposal for an Experiment to Search for the Decay $\mu \to eee$}",
      year           = "2013",
      eprint         = "1301.6113",
      archivePrefix  = "arXiv",
      primaryClass   = "physics.ins-det",
}

@article{TLEP2013,
      author         = "Koratzinos, M. and Blondel, A. P. and Aleksan, R. and Brunner, O. and Butterworth, A. and Janot, P. and Jensen, E. and Osborne, J. and Zimmermann, F. and Ellis, J. R. and Zanetti, M.",
      title          = "{TLEP: A High-Performance Circular $e^+e^-$ Collider to Study the Higgs Boson}",
      year           = "2013",
      eprint         = "1305.6498",
      archivePrefix  = "arXiv",
      primaryClass   = "physics.acc-ph",
}

@article{LUX2013,
      author         = "{LUX Collaboration}",
      title          = "{First results from the LUX dark matter experiment at the Sanford Underground Research Facility}",
      year           = "2013",
      journal        = "Phys. Rev. Lett.",
      volume         = "112",
      pages          = "091303",     
      doi            = "10.1103/PhysRevLett.112.091303",      
      eprint         = "1310.8214",
      archivePrefix  = "arXiv",
      primaryClass   = "astro-ph.CO",
}

@article{Ronzhin2013,
      author         = "Ronzhin, A. and others",
      title          = "{A SiPM-based TOF-PET detector with high speed digital DRS4 readout}",
      journal        = "Nucl. Instrum. Meth. A",
      volume         = "703",
      pages          = "109",
      doi            = "10.1016/j.nima.2012.11.043",
      year           = "2013",
}

@article{ATLAS2014a,
      author         = "{ATLAS Collaboration}",
      title          = "{Search for long-lived neutral particles decaying into lepton jets in proton-proton collisions at $\sqrt{s}=8 $ TeV with the ATLAS detector}",
      journal        = "JHEP",
      volume         = "1411",
      pages          = "088",
      doi            = "10.1007/JHEP11(2014)088",
      year           = "2014",
      eprint         = "1409.0746",
      archivePrefix  = "arXiv",
      primaryClass   = "hep-ex",
}


@article{BabyMIND2014,
      author         = "{R. Asfandiyarov \textit{et al.}}",
      title          = "{Proposal for SPS beam time for the baby MIND and TASD neutrino detector prototypes}",
      year           = "2014",
      eprint         = "1405.6089",
      archivePrefix  = "arXiv",
      primaryClass   = "physics.ins-det",
}

@article{Blondel2014,
      author         = "Blondel, A. and Gaverini, E. and Serra, N. and Shaposhnikov, M.",
      title          = "{Search for Heavy Right Handed Neutrinos at the FCC-ee}",
      year           = "2014",
      eprint         = "1411.5230",
      archivePrefix  = "arXiv",
      primaryClass   = "hep-ex",
}

@article{Boyarsky2014,
      author         = "Boyarsky, A. and Ruchayskiy, O. and Iakubovskyi, D. and Franse, J.",
      title          = "{An unidentified line in X-ray spectra of the Andromeda galaxy and Perseus galaxy cluster}",
      journal        = "Phys. Rev. Lett.",
      volume         = "113",
      pages          = "251301",
      doi            = "10.1103/PhysRevLett.113.251301",
      year           = "2014",
      eprint         = "1402.4119",
      archivePrefix  = "arXiv",
      primaryClass   = "astro-ph.CO",
}

@article{Bulbul2014,
      author         = "Bulbul, E. and Markevitch, M. and Foster, A. and Smith, R. K. and Loewenstein, M. and Randall, S. W.",
      title          = "{Detection of An Unidentified Emission Line in the Stacked X-ray spectrum of Galaxy Clusters}",
      journal        = "Astrophys. J.",
      volume         = "789",
      pages          = "13",
      doi            = "10.1088/0004-637X/789/1/13",
      year           = "2014",
      eprint         = "1402.2301",
      archivePrefix  = "arXiv",
      primaryClass   = "astro-ph.CO",
}

@article{Burdin2014,
      author         = "Burdin, S. and Fairbairn, M. and Mermod, P. and Milstead, D. and Pinfold, J. and
                        Sloan, T. and Taylor, W.",
      title          = "{Non-collider searches for stable massive particles}",
      journal        = "submitted to Phys. Rept.",
      year           = "2014",
      eprint         = "1410.1374",
      archivePrefix  = "arXiv",
      primaryClass   = "hep-ph",
}

@article{Canetti2014,
      author         = "Canetti, L. and Drewes, M. and Garbrecht, B.",
      title          = "{Lab-to-Genesis}",
      journal        = "Phys. Rev. D",
      volume         = "90",
      pages          = "125005",
      doi            = "10.1103/PhysRevD.90.125005",
      year           = "2014",
      eprint         = "1404.7114",
      archivePrefix  = "arXiv",
      primaryClass   = "hep-ph",
}

@article{Cattaneo2014,
      author         = "Cattaneo, P.W. and De Gerone, M. and Gatti, F. and Nishimura, M. and Ootani, W. and  Rossella, M. and Uchiyama, Y.",
      title          = "{Development of High Precision Timing Counter Based on Plastic Scintillator with SiPM Readout}",
      journal        = "IEEE Trans. Nucl. Sci.",
      volume         = "61",
      pages          = "2657",
      doi            = "10.1109/TNS.2014.2347576",
      year           = "2014",
      eprint         = "1402.1404",
      archivePrefix  = "arXiv",
      primaryClass   = "physics.ins-det",
}

@article{CERN2014,
      author         = "{CERN task force report}",
      title          = "{A new Experiment to Search for Hidden Particles (SHIP) at the SPS North Area --
                         Preliminary Project and Cost Estimate}",
      journal        = "EN-DH-2014-007",
      year           = "2014",
}

@article{CMS2014a,
      author         = "{CMS Collaboration}",
      title          = "{Search for dark matter, extra dimensions, and unparticles in monojet events in proton-proton collisions
                        at $\sqrt{s}$ = 8 TeV}",
      year           = "2014",
      journal        = "submitted to Eur. Phys. J. C",
      eprint         = "1408.3583",
      archivePrefix  = "arXiv",
      primaryClass   = "hep-ex",
}

@article{CMS2014b,
      author         = "{CMS Collaboration}",
      title          = "{Search for "Displaced Supersymmetry" in events with an
                        electron and a muon with large impact parameters}",
      journal        = "submitted to Phys. Rev. Lett.",
      year           = "2014",
      eprint         = "1409.4789",
      archivePrefix  = "arXiv",
      primaryClass   = "hep-ex",
}

@article{CMS2014c,
      author         = "{CMS Collaboration}",
      title          = "{Search for long-lived particles that decay into final states containing two electrons or two muons in proton-proton collisions at sqrt(s) = 8 TeV}",
      journal        = "submitted to Phys. Rev. C",
      year           = "2014",
      eprint         = "1411.6977",
      archivePrefix  = "arXiv",
      primaryClass   = "hep-ex",
}

@article{CMS2014d,
      author         = "{CMS Collaboration}",
      title          = "{Search for long-lived neutral particles decaying to quark-antiquark pairs in proton-proton collisions at sqrt(s) = 8 TeV}",
      journal        = "submitted to Phys. Rev. C",
      year           = "2014",
      eprint         = "1411.6530",
      archivePrefix  = "arXiv",
      primaryClass   = "hep-ex",
}

@article{Helo2014,
      author         = "Helo, J. and Hirsch, M. and Kovalenko, S.",
      title          = "{Heavy neutrino searches at the LHC with displaced vertices}",
      journal        = "Phys. Rev. D",
      volume         = "89",
      pages          = "073005",
      doi            = "10.1103/PhysRevD.89.073005",
      year           = "2014",
      eprint         = "1312.2900",
      archivePrefix  = "arXiv",
      primaryClass   = "hep-ph",
}

@article{Kitayama2014,
      author         = "Kitayama, T. and Bautz, M. and Markevitch, M. and Matsushita, K. and Allen, S. and others",
      title          = "{ASTRO-H White Paper - Clusters of Galaxies and Related Science}",
      year           = "2014",
      eprint         = "1412.1176",
      archivePrefix  = "arXiv",
      primaryClass   = "astro-ph.HE",
}      

@article{LHCb2014,
      author         = "{LHCb collaboration}",
      title          = "{Search for the lepton flavour violating decay $\tau^-\to \mu^-\mu^+\mu^-$}",
      journal        = "Submitted to JHEP",
      year           = "2014",
      eprint         = "1409.8548",
      archivePrefix  = "arXiv",
      primaryClass   = "hep-ex",
}

@article{Long2014,
      author         = "Long, A. J. and Sabancilar, E. and Vachaspati, T.",
      title          = "{Leptogenesis and Primordial Magnetic Fields}",
      journal        = "JCAP",
      volume         = "1402",
      pages          = "036",
      doi            = "10.1088/1475-7516/2014/02/036",
      year           = "2014",
      eprint         = "1309.2315",
      archivePrefix  = "arXiv",
      primaryClass   = "astro-ph.CO",
}

@article{Makankin2014,
      author         = "Makankin, A. M. and Myalkovskiy, V. V. and Peshekhonov, V. D. and Ritt, S. and Vasilyev, S. E.",
      title          = "{A direct time measurement technique for the two-dimensional precision coordinate detectors based on thin-walled drift tubes}",
      journal        = "Nucl. Instrum. Meth. A",
      volume         = "735",
      pages          = "649",
      doi            = "10.1016/j.nima.2013.10.003",
      year           = "2014",
      eprint         = "1301.6018",
      archivePrefix  = "arXiv",
      primaryClass   = "physics.ins-det",
}

@article{MoEDAL2014,
      author         = "{MoEDAL Collaboration}",
      title          = "{The Physics Programme of the MoEDAL Experiment at the LHC}",
      journal        = "Int. J. Mod. Phys. A",
      volume         = "29",
      pages          = "1430050",
      doi            = "10.1142/S0217751X14300506",
      year           = "2014",
      eprint         = "1405.7662",
      archivePrefix  = "arXiv",
      primaryClass   = "hep-ph",
}

@article{NA612014,
      author         = "{NA61/SHINE Collaboration}",
      title          = "{NA61/SHINE facility at the CERN SPS: beams and detector system}",
      journal        = "JINST",
      volume         = "9",
      pages          = "P06005",
      doi            = "10.1088/1748-0221/9/06/P06005",
      year           = "2014",
      eprint         = "1401.4699",
      archivePrefix  = "arXiv",
      primaryClass   = "physics.ins-det",
      reportNumber   = "CERN-PH-EP-2014-003",
}

@article{NA612014b,
      author         = "{NA61/SHINE Collaboration}",
      title          = "{Report from the NA61/SHINE experiment at the CERN SPS}",
      year           = "2014",
      reportNumber   = "CERN-SPSC-2014-031, SPSC-SR-145",
}

@article{Stricker2014,
      author         = "Stricker-Shaver, D. A. and Ritt, S. and Pichler, B. J.",
      title          = "{Novel Calibration Method for Switched Capacitor Arrays Enables Time Measurements with Sub-Picosecond Resolution}",
      doi            = "10.1109/TNS.2014.2366071",
      journal        = "IEEE Trans. Nucl. Sci.",
      volume         = "61",  
      pages          = "6",
      year           = "2014",
      eprint         = "1405.4975",
      archivePrefix  = "arXiv",
      primaryClass   = "physics.ins-det",
}

@article{TLEP2014,
      author         = "{TLEP Design Study Working Group}",
      title          = "{First Look at the Physics Case of TLEP}",
      journal        = "JHEP",
      volume         = "1401",
      pages          = "164",
      doi            = "10.1007/JHEP01(2014)164",
      year           = "2014",
      eprint         = "1308.6176",
      archivePrefix  = "arXiv",
      primaryClass   = "hep-ex",
}

@article{Wang2015,
      author         = "Wang, J. and Liu, S. and An, Q.",
      title          = "{Waveform Timing Performance of a 5 GS/s Fast Pulse Sampling Module with DRS4}",
      year           = "2015",
      eprint         = "1501.00651",
      archivePrefix  = "arXiv",
      primaryClass   = "physics.ins-det",
}


@article{Cortese:2002kf,
      author         = "Cortese, P. and others",
      title          = "{ALICE: Addendum to the technical design report of the
                        time of flight system (TOF)}",
      collaboration  = "ALICE Collaboration",
      year           = "2002",
      reportNumber   = "CERN-LHCC-2002-016",
      SLACcitation   = "%%CITATION = CERN-LHCC-2002-016 ETC.;%%",
}

@article{EEE,
      author         = "{Abbrescia, M. and others}",
      title          = "{Extreme Energy Events Project: Construction of the detectors and installation in Italian High Schools}",
      journal        = "NIM",
      volume         = "A 558",
      pages          = "211-214",
      year           = "2008",
 
}

@article{Abbrescia:2012ht,
      author         = "Abbrescia, M. and Aiola, S. and Antolini, R. and
                        Avanzini, C. and Baldini Ferroli, R. and others",
      title          = "{The EEE Project: Cosmic rays, multigap resistive plate
                        chambers and high school students}",
      journal        = "JINST",
      volume         = "7",
      pages          = "P11011",
      doi            = "10.1088/1748-0221/7/11/P11011",
      year           = "2012",
      SLACcitation   = "%%CITATION = JINST,7,P11011;%%",
}

@article{Abbrescia2008263,
title = "Performance of a six gap \{MRPC\} built for large area coverage ",
journal = "Nuclear Instruments and Methods in Physics Research Section A: Accelerators, Spectrometers, Detectors and Associated Equipment ",
volume = "593",
number = "3",
pages = "263 - 268",
year = "2008",
note = "",
issn = "0168-9002",
doi = "http://dx.doi.org/10.1016/j.nima.2008.05.014",
author = "M. Abbrescia and A. Alici and S. An and A. Badalà and Y.W. Baek and R. Baldini Ferroli and G. Bencivenni and F. Blanco and E. Bressan and A. Chiavassa and C. Chiri and C. Cicalò and L. Cifarelli and A. De Caro and D. De Gruttola and S. De Pasquale and A. Di Giovanni and F.L. Fabbri and V. Frolov and M. Garbini and C. Guarnaccia and C. Gustavino and D. Hatzifotiadou and J.S. Kim and M.M. Kim and P. La Rocca and F. Librizzi and A. Maggiora and H. Menghetti and S. Miozzi and R. Moro and F. Noferini and P. Pagano and M. Panareo and G.S. Pappalardo and G. Piragino and R. Preghenella and F. Riggi and F. Romano and G. Russo and G. Sartorelli and C. Sbarra and G. Scioli and M. Selvi and S. Serci and E. Siddi and H. Wenninger and M.C.S. Williams and C. Zampoli and A. Zichichi and R. Zuyeuski",
}

@article{Akindinov:2009zza,
      author         = "Akindinov, A. and Alici, A. and Antonioli, P. and
                        Arcelli, S. and Baek, Y.W. and others",
      title          = "{Final test of the MRPC production for the ALICE TOF
                        detector}",
      journal        = "Nucl.Instrum.Meth.",
      volume         = "A602",
      pages          = "709-712",
      doi            = "10.1016/j.nima.2008.12.095",
      year           = "2009",
      SLACcitation   = "%%CITATION = NUIMA,A602,709;%%",
}
@article{Abbrescia:2008zzc,
      author         = "Abbrescia, M. and Alici, A. and An, S. and Badala, A. and
                        Baek, Y.W. and others",
      title          = "{Performance of a six gap MRPC built for large area
                        coverage}",
      journal        = "Nucl.Instrum.Meth.",
      volume         = "A593",
      pages          = "263-268",
      doi            = "10.1016/j.nima.2008.05.014",
      year           = "2008",
      SLACcitation   = "%%CITATION = NUIMA,A593,263;%%",
}
@article{An:2008zzc,
      author         = "An, S. and Jo, Y.K. and Kim, J.S. and Kim, M.M. and
                        Hatzifotiadou, D. and others",
      title          = "{A 20-ps timing device: A Multigap Resistive Plate
                        Chamber with 24 gas gaps}",
      journal        = "Nucl.Instrum.Meth.",
      volume         = "A594",
      pages          = "39-43",
      doi            = "10.1016/j.nima.2008.06.013",
      year           = "2008",
      SLACcitation   = "%%CITATION = NUIMA,A594,39;%%",
}
%comes from simulation
@misc{muCrossAnalytic,
  key  = {PDG},
  year = {2012},
  note =  "\url{http://pdg.lbl.gov/2012/AtomicNuclearProperties/adndt.pdf}",
}
@article{AlTurany:2012gc,
      author         = "Al-Turany, M. and Bertini, D. and Karabowicz, R. and
                        Kresan, D. and Malzacher, P. and others",
      title          = "{The FairRoot framework}",
      journal        = "J.Phys.Conf.Ser.",
      volume         = "396",
      pages          = "022001",
      doi            = "10.1088/1742-6596/396/2/022001",
      year           = "2012",
      SLACcitation   = "%%CITATION = 00462,396,022001;%%",
}
@inproceedings{root,
  added-at = {2007-09-22T20:12:41.000+0200},
  author = {Brun, Rene and Rademakers, Fons},
  biburl = {http://www.bibsonomy.org/bibtex/23e8ec28f6af6603af750bf9f3160abaf/stuartw},
  booktitle = {AIHENP'96 Workshop, Lausane},
  citeulike-article-id = {363715},
  date-added = {2006-11-01 13:16:32 +0000},
  date-modified = {2007-03-26 15:09:52 +0100},
  howpublished = {http://root.cern.ch/},
  interhash = {0c0662965bb1c7f9dfc33ed734d3dcce},
  intrahash = {3e8ec28f6af6603af750bf9f3160abaf},
  journal = {Nucl. Inst. \& Meth. in Phys. Res. A},
  keywords = {computing},
  pages = {81--86},
  priority = {0},
  timestamp = {2007-09-22T20:12:44.000+0200},
  title = {ROOT - An Object Oriented Data Analysis Framework},
  volume = 389,
  year = 1996,
}
@article{pythia8,
      author         = {Sj\"{o}strand, Torbj\"{o}rn and Mrenna, Stephen and
                        Skands, Peter"},
      title          = "{A brief introduction to PYTHIA 8.1}",
      journal        = "Comput.Phys.Commun.",
      volume         = "178",
      pages          = "852-867",
      doi            = "10.1016/j.cpc.2008.01.036",
      year           = "2008",
      eprint         = "0710.3820",
      archivePrefix  = "arXiv",
      primaryClass   = "hep-ph",
      reportNumber   = "CERN-LCGAPP-2007-04, LU-TP-07-28,
                        FERMILAB-PUB-07-512-CD-T",
      SLACcitation   = "%%CITATION = ARXIV:0710.3820;%%",
}
@article{genie,
      author         = "Andreopoulos, C. and Bell, A. and Bhattacharya, D. and
                        Cavanna, F. and Dobson, J. and others",
      title          = "{The GENIE Neutrino Monte Carlo Generator}",
      journal        = "Nucl.Instrum.Meth.",
      volume         = "A614",
      pages          = "87-104",
      doi            = "10.1016/j.nima.2009.12.009",
      year           = "2010",
      eprint         = "0905.2517",
      archivePrefix  = "arXiv",
      primaryClass   = "hep-ph",
      reportNumber   = "FERMILAB-PUB-09-418-CD",
      SLACcitation   = "%%CITATION = ARXIV:0905.2517;%%",
}
@article{pythia6,
      author         = {Sj\"{o}strand, Torbj\"{o}rn and Mrenna, Stephen and 
                       Skands, Peter"},
      title          = "{PYTHIA 6.4 physics and manual}",
      journal        = "JHEP",
      volume         = "05",
      pages          = "026",
      doi            = "10.1088/1126-6708/2006/05/026",
      year           = "2006",
      eprint         = "hep-ph/0603175",
      archivePrefix  = "arXiv",
      primaryClass   = "hep-ph",
}
@article{Ingelman:1996mq,
      author         = "Ingelman, G. and Edin, A. and Rathsman, J.",
      title          = "{LEPTO 6.5: A Monte Carlo generator for deep inelastic
                        lepton - nucleon scattering}",
      journal        = "Comput.Phys.Commun.",
      volume         = "101",
      pages          = "108-134",
      doi            = "10.1016/S0010-4655(96)00157-9",
      year           = "1997",
      eprint         = "hep-ph/9605286",
      archivePrefix  = "arXiv",
      primaryClass   = "hep-ph",
      reportNumber   = "DESY-96-057",
      SLACcitation   = "%%CITATION = HEP-PH/9605286;%%",
}
@article{Agostinelli:2002hh,
      author         = "Agostinelli, S. and others",
      title          = "{GEANT4: A Simulation toolkit}",
      collaboration  = "GEANT4",
      journal        = "Nucl.Instrum.Meth.",
      volume         = "A506",
      pages          = "250-303",
      doi            = "10.1016/S0168-9002(03)01368-8",
      year           = "2003",
      reportNumber   = "SLAC-PUB-9350, FERMILAB-PUB-03-339",
      SLACcitation   = "%%CITATION = NUIMA,A506,250;%%",
}
@misc{goliath,
  key  = {CERN},
  year = {2015},
  note =  "\url{http://te-dep-epc-hpc-section.web.cern.ch/te-dep-epc-hpc-section/spectrometers/Goliath/general.stm}",
}
@PHDTHESIS{Bergsma:1990yc,
      author         = "Bergsma, Felix",
      title          = "{PROMPT LEPTON PRODUCTION IN A PROTON BEAM DUMP
                        EXPERIMENT}",
      year           = "1990",
      SCHOOL =       {University of Amsterdam},
      reportNumber   = "RX-1281 (AMSTERDAM)",
      SLACcitation   = "%%CITATION = RX-1281 (AMSTERDAM) ETC.;%%",
}
@article{Ivanchenko:2010zz,
      author         = "Ivanchenko, V.N. and Kadri, O. and Maire, M. and Urban,
                        L.",
      title          = "{Geant4 models for simulation of multiple scattering}",
      journal        = "J.Phys.Conf.Ser.",
      volume         = "219",
      pages          = "032045",
      doi            = "10.1088/1742-6596/219/3/032045",
      year           = "2010",
      SLACcitation   = "%%CITATION = 00462,219,032045;%%",
}
@misc{computing:FAIR,
  key  = {GSI},
  year = {2015},
  note =  "\url{http:http://www.fair-center.eu}",
}
@misc{computing:github,
  key  = {GIT},
  year = {2015},
  note =  "\url{https://github.com/ShipSoft}",
}
@article{Ananya:2014kya,
      author         = "Ananya and others",
      title          = "{O$^2$: A novel combined online and offline computing
                        system for the ALICE Experiment after 2018}",
      collaboration  = "ALICE",
      journal        = "J.Phys.Conf.Ser.",
      volume         = "513",
      pages          = "012037",
      doi            = "10.1088/1742-6596/513/1/012037",
      year           = "2014",
      SLACcitation   = "%%CITATION = 00462,513,012037;%%",
}
@misc{computing:docker,
  key  = {Docker},
  year = {2015},
  note =  "\url{https://www.docker.com/}",
}
@misc{computing:yarn,
  key  = {YARN},
  year = {2015},
  note =  "\url{http://www.ibm.com/developerworks/library/bd-yarn-intro/}",
}
